<record><leader>00000cas a2200000 a 4500</leader><controlfield tag="001">35596622</controlfield><controlfield tag="008">960920d189u19uumiuwr ne      0    0eng c</controlfield><datafield ind1=" " ind2=" " tag="010"><subfield code="a">sn 96077076 </subfield></datafield><datafield ind1=" " ind2=" " tag="040"><subfield code="a">MHN</subfield><subfield code="b">eng</subfield><subfield code="c">MHN</subfield><subfield code="d">OCL</subfield><subfield code="d">OCLCQ</subfield><subfield code="d">OCLCF</subfield><subfield code="d">OCLCO</subfield></datafield><datafield ind1=" " ind2=" " tag="042"><subfield code="a">pcc</subfield></datafield><datafield ind1=" " ind2=" " tag="043"><subfield code="a">n-us-mi</subfield></datafield><datafield ind1="0" ind2="0" tag="245"><subfield code="a">Isabella County Republican.</subfield></datafield><datafield ind1=" " ind2=" " tag="260"><subfield code="a">Shepherd, Mich. :</subfield><subfield code="b">Willis E. Brown</subfield></datafield><datafield ind1=" " ind2=" " tag="300"><subfield code="a">v.</subfield></datafield><datafield ind1=" " ind2=" " tag="310"><subfield code="a">Weekly</subfield></datafield><datafield ind1=" " ind2=" " tag="515"><subfield code="a">Issues also called: &lt;7th yr., no. 5 (Dec. 28, 1899)&gt;; &lt;Vol. 24, no. 26 (May 10, 1917)&gt;-&lt;vol. 63, no. 21 (Aug. 8, 1957)&gt;</subfield></datafield><datafield ind1=" " ind2=" " tag="588"><subfield code="a">Description based on: Vol. 5, no. 5 (Dec. 30, 1897).</subfield></datafield><datafield ind1=" " ind2="0" tag="651"><subfield code="a">Shepherd (Mich.)</subfield><subfield code="v">Newspapers.</subfield></datafield><datafield ind1=" " ind2="0" tag="651"><subfield code="a">Isabella County (Mich.)</subfield><subfield code="v">Newspapers.</subfield></datafield><datafield ind1=" " ind2="7" tag="655"><subfield code="a">Newspapers.</subfield><subfield code="2">fast</subfield><subfield code="0">(OCoLC)fst01423814</subfield></datafield><datafield ind1=" " ind2="7" tag="651"><subfield code="a">Michigan</subfield><subfield code="z">Isabella County.</subfield><subfield code="2">fast</subfield><subfield code="0">(OCoLC)fst01220096</subfield></datafield><datafield ind1=" " ind2="7" tag="651"><subfield code="a">Michigan</subfield><subfield code="z">Shepherd.</subfield><subfield code="2">fast</subfield><subfield code="0">(OCoLC)fst01238709</subfield></datafield><datafield ind1=" " ind2=" " tag="752"><subfield code="a">United States</subfield><subfield code="b">Michigan</subfield><subfield code="c">Isabella</subfield><subfield code="d">Shepherd.</subfield></datafield><datafield ind1="0" ind2="0" tag="785"><subfield code="t">Shepherd argus</subfield><subfield code="w">(DLC)sn 99065156</subfield><subfield code="w">(OCoLC)40951750</subfield></datafield></record>